<?xml version="1.0" encoding="UTF-8"?><collection xmlns="http://www.loc.gov/MARC21/slim"><record><leader>00416nam--2200145-i-4500</leader><controlfield tag="001">000009452</controlfield><controlfield tag="002">20161230</controlfield><controlfield tag="005">20161230201028</controlfield><controlfield tag="008">060222s1000------------r-----000-0-eng-d</controlfield><datafield ind1=" " ind2=" " tag="080"><subfield code="a">543.53</subfield></datafield><datafield ind1=" " ind2=" " tag="100"><subfield code="a">G.L.Lutz /S.A.</subfield></datafield><datafield ind1=" " ind2=" " tag="245"><subfield code="a">Activation analysis: a bibliography part 1-issued september 1968</subfield></datafield><datafield ind1=" " ind2=" " tag="260"><subfield code="a">Washington, U.S.Department Of Commerce, National Bureau Of Standards, 1968</subfield></datafield><datafield ind1=" " ind2=" " tag="490"><subfield code="a">467</subfield></datafield><datafield ind1=" " ind2=" " tag="852"><subfield code="a">1250</subfield></datafield></record></collection>